% Encoding: UTF-8
@Book{xie2015,
  title = {Dynamic Documents with {R} and knitr},
  author = {Yihui Xie},
  publisher = {Chapman and Hall/CRC},
  address = {Boca Raton, Florida},
  year = {2015},
  edition = {2nd},
  note = {ISBN 978-1498716963},
  url = {http://yihui.name/knitr/},
}

@Book{Distelbrink2000,
  title     = {Opvoeden zonder man. De opvoeding en ontwikkeling in Creools-Surinaams een- en tweeoudergezinnen in Nederland.},
  publisher = {Assen: Van Gorcum},
  year      = {2000},
  author    = {Distelbrink, M.},
}

@Article{Distelbrink2011,
  author  = {Distelbrink, M. ;Ketner, S.},
  title   = {Vaderschap is geen playstation.},
  journal = {Pedagogiek},
  year    = {2011},
  volume  = {31},
  number  = {1},
}

@MastersThesis{Meeng2008,
  author = {Meeng, C.},
  title  = {Traha Brug II: Onderzoek naar de aanpak van Antilliaanse en Arubaanse risicojongeren in de gemeente Den Haag in de periode 2005-2008},
  school = {Universiteit van Leiden},
  year   = {2008},
}

@Book{Traag2008,
  title     = {Early school-leaving in the Netherlands. The role of student-, family- and schoolfactors for early school-leaving in lower secondary education},
  publisher = {Maastricht: Research Centre for Education and the Labour Market.},
  year      = {2008},
  author    = {Traag, T. ;Van der Velden, R.W.},
}

@Comment{jabref-meta: databaseType:bibtex;}
