% Encoding: UTF-8
@Book{xie2015,
  title = {Dynamic Documents with {R} and knitr},
  author = {Yihui Xie},
  publisher = {Chapman and Hall/CRC},
  address = {Boca Raton, Florida},
  year = {2015},
  edition = {2nd},
  note = {ISBN 978-1498716963},
  url = {http://yihui.name/knitr/},
}

@Book{Distelbrink2000,
  title     = {Opvoeden zonder man. De opvoeding en ontwikkeling in Creools-Surinaams een- en tweeoudergezinnen in Nederland.},
  publisher = {Assen: Van Gorcum},
  year      = {2000},
  author    = {Distelbrink, M.},
}

@Article{Distelbrink2011,
  author  = {Distelbrink, M. and Ketner, S.},
  title   = {Vaderschap is geen playstation.},
  journal = {Pedagogiek},
  year    = {2011},
  volume  = {31},
  number  = {1},
}

@MastersThesis{Meeng2008,
  author = {Meeng, C.},
  title  = {Traha Brug II: Onderzoek naar de aanpak van Antilliaanse en Arubaanse risicojongeren in de gemeente Den Haag in de periode 2005-2008},
  school = {Universiteit van Leiden},
  year   = {2008},
}

@Book{Traag2008,
  title     = {Early school-leaving in the Netherlands. The role of student-, family- and schoolfactors for early school-leaving in lower secondary education},
  publisher = {Maastricht: Research Centre for Education and the Labour Market.},
  year      = {2008},
  author    = {Traag, T. and Van der Velden, R.W.},
}

@Book{Andriessen2007,
  title     = {Discriminatiemonitor niet-westerse allochtone op de arbeidsmarkt 2007.},
  publisher = {Den Haag/Rotterdam: Sociaal en Cultureel Planbureau, Art. 1.},
  year      = {2007},
  author    = {Andriessen, I. and Dagevos, J. and Nievers, E. and Boog, I.},
}

@Book{Bellaart2016,
  title     = {Effectief bereik van alle doelgroepen door jeugdhulp Den Haag.},
  publisher = {Utrecht: Verwey-Jonker Instituut},
  year      = {2016},
  author    = {Bellaart, H. and Day, M. and Gilsing, R.},
}

@TechReport{Haag2017,
  author      = {Gemeente Den Haag},
  title       = {Buurtmonitor Den Haag},
  institution = {https://denhaag.buurtmonitor.nl},
  year        = {2017},
}

@TechReport{CBS2018,
  author      = {CBS},
  title       = {CBS Statline},
  institution = {http://statline.cbs.nl/statweb/},
  year        = {2018},
}

@Book{DeGruijter2014,
  title     = {Haagse integrateiemonitor},
  publisher = {Utrecht: Verwey-Jonker Instituut},
  year      = {2014},
  author    = {De Gruijter, M. and Gilsing, R. and Pels, T.},
}

@Book{DeBoom2014,
  title     = {Antilliaanse Nederlanders 2013. De positie op de terreinen van onderwijs, arbeid en uitkering en criminaliteit (meting 4).},
  publisher = {Rotterdam: Risbo, Erasmus Universiteit},
  year      = {2014},
  author    = {De Boom, J. and Van Wensveen, P. and Hermus, P. and Weltevrede, A. and Van San, M.},
}

@InBook{Distelbrink2005,
  chapter   = {Creools-Surinaamse vaders: vaderen in en buiten het gezin.},
  pages     = {121-200},
  title     = {Diversiteit in vaderschap. Chinese, Creools-Surinaamse en Marokkaanse vaders in Nederland.},
  publisher = {Assen: Koninklijke Van Gorcum},
  year      = {2005},
  author    = {Distelbrink, M.},
  editor    = {Distelbrink, M. and Geense, P and Pels, T.},
}

@Book{Gilsing2015,
  title     = {Grote verschillen in gebruik jeugdzorg naar herkomst.},
  publisher = {Utrecht: Verwey-Jonker Instituut.},
  year      = {2015},
  author    = {Gilsing, R. and Pels, T. and Bellaart, H. and Tierolf, B.},
}

@Book{Hamdi2017,
  title     = {Match tussen zorgaanbod en zorgvraag van Hagenaars met een migratieachtegrond. Verkenning van bereik en aansluiting van de gezondheidszorg in Den Haag.},
  publisher = {Utrecht: Verwey-Jonker Instituut.},
  year      = {2017},
  author    = {Hamdi, A. and Kocak, S. and Bellaart, H. and Van den Toorn, J.},
}

@Book{Holter2014,
  title     = {Oorzaken van voortijdig schoolverlaten.},
  publisher = {Utrecht: Nederlands Jeugdinsituut},
  year      = {2014},
  author    = {Holter, N.},
}

@InBook{Huijnk2013,
  chapter = {De arbeidsmarktpositie in beeld.},
  pages   = {35-63},
  title   = {Jaarrapport Integratie},
  year    = {2013},
  author  = {Huijnk, W. and Gijsberts, M. and Dagevos, J.},
}

@Book{Michon2016,
  title     = {Amsterdamse Armoedemonitor 2015},
  publisher = {Amsterdam: Gemeente Amsterdam},
  year      = {2016},
  author    = {Michon, L. and Nottelman, N. and Booi, H. and Slot, J. and Holaind, N. and Wenneker, C.},
}

@Unpublished{Amsterdam2017,
  author = {OIS Amsterdam},
  title  = {http://www.ois.amsterdam.nl/},
  note   = {2017},
}

@InBook{Pels2008,
  chapter   = {Aandachtspunten voor preventie van marginalisering van jongens van Marokkaanse- en Antilliaanse afkomst.},
  pages     = {xxx-xxx},
  title     = {Het kennisfundament t.b.v. de aanpak van criminele Marokkaanse jongeren jongeren.},
  publisher = {Den Haag: WODC, Kennisdossier 2008-4},
  year      = {2008},
  author    = {Pels, T.},
}

@Article{Selten2012,
  author  = {Selten, J.P. and Laan, W. and Kupka, R. and Smeets, H.M. and Van Os J.},
  title   = {Risk of psychiatric treatment for mood disorders and psychotic disorders among migrants and Dutch nationals in Utrecht, The Netherlands},
  journal = {Soc. Psychiatry Psychiatr. Epidemiol},
  year    = {2012},
  volume  = {47},
  number  = {271},
}

@Book{Steketee2003,
  title     = {Antilliaanse immigranten en hun voogden: De leefsituatie van Antilliaanse jongeren die met en zonder wettelijk gezag in Nederland verblijven},
  publisher = {Utrecht: Verwey-Jonker Instituut},
  year      = {2003},
  author    = {Steketee, M. and Ex, C. and Tan, S. and Kromontono E.},
}

@Book{Tierolf2017,
  title     = {Feiten \& cijfers: leefomstandigheden van kinderen met een migratieachtergrond.},
  publisher = {Utrecht: Kennisplatform Integratie \& Samenleving/Verwey-Jonker Instituut.},
  year      = {2017},
  author    = {Tierolf, B. and Steketee, M. and Gilsing, R. and Bellaart H.},
}

@Book{VanWijk2010,
  title     = {Leven om te eten. Surinaamse en Antilliaanse vrouwen over eten, bewegen en overgewicht.},
  publisher = {Den Haag: LEI Wageningen UR.},
  year      = {2010},
  author    = {Van Wijk-Jansen, E. and Jager, L. and Van der Kroon-Horpestad, S.},
}

@Book{Vermeeren2007,
  title     = {Lichaamsidealen en leefstijl onder obese Antilliaanse vrouwen in Nederland.},
  publisher = {Amsterdam: Universiteit van Amsterdam},
  year      = {2007},
  author    = {Vermeeren, S.},
}

@Book{Breedveld2006,
  title     = {Rapportage Sport},
  publisher = {Den Haagh: SCP},
  year      = {2006},
  author    = {Breedveld, K. and Tiessen-Raaphorst, A.},
}

@Comment{jabref-meta: databaseType:bibtex;}
